<?xml version="1.0" encoding="UTF-8" ?>
<collection xmlns:xsi="http://www.w3.org/2001/XMLSchema-instance"
    xsi:schemaLocation="http://www.loc.gov/MARC21/slim
        http://www.loc.gov/standards/marcxml/schema/MARC21slim.xsd"
    xmlns="http://www.loc.gov/MARC21/slim">
<record>
  <leader>00257cam a2200493 ia4500</leader>
  <controlfield tag="001">b12672166</controlfield>
  <controlfield tag="003">LeBAU</controlfield>
  <controlfield tag="005">20190515</controlfield>
  <controlfield tag="008">970923m19251954le ac    b    ||0 0 ara d</controlfield>
  <datafield tag="035" ind1=" " ind2=" ">
    <subfield code="a">ocn784456581</subfield>
  </datafield>
  <datafield tag="040" ind1=" " ind2=" ">
    <subfield code="a">LEAUB</subfield>
    <subfield code="b">ara</subfield>
    <subfield code="e">rda</subfield>
    <subfield code="c">LEAUB</subfield>
    <subfield code="d">LEAUB                  </subfield>
  </datafield>
  <datafield tag="082" ind1="0" ind2="4">
    <subfield code="a">956</subfield>
    <subfield code="2">22</subfield>
  </datafield>
  <datafield tag="100" ind1="1" ind2=" ">
    <subfield code="6">880-01</subfield>
    <subfield code="a">Bayyuhum, Muḥammad Jamīl,</subfield>
    <subfield code="e">author.</subfield>
  </datafield>
  <datafield tag="245" ind1="1" ind2="0">
    <subfield code="6">880-02</subfield>
    <subfield code="a">Falsafat al-tārīkh al-ʻUthmānī /</subfield>
    <subfield code="c">taʼlīf Muḥammad Jamīl Bayhum.</subfield>
  </datafield>
  <datafield tag="264" ind1=" " ind2="1">
    <subfield code="6">880-03</subfield>
    <subfield code="a">Bayrūt :</subfield>
    <subfield code="b">Maṭbaʻat Maktabat Ṣādir,</subfield>
    <subfield code="c">1334-1373 H. = 1925-1954 M.</subfield>
  </datafield>
  <datafield tag="300" ind1=" " ind2=" ">
    <subfield code="6">880-04</subfield>
    <subfield code="a">2 volumes :</subfield>
    <subfield code="b">illustrations, maps, portraits ;</subfield>
    <subfield code="c">23 cm</subfield>
  </datafield>
  <datafield tag="336" ind1=" " ind2=" ">
    <subfield code="a">text</subfield>
    <subfield code="b">txt</subfield>
    <subfield code="2">rdacontent</subfield>
  </datafield>
  <datafield tag="336" ind1=" " ind2=" ">
    <subfield code="a">still image</subfield>
    <subfield code="b">sti</subfield>
    <subfield code="2">rdacontent</subfield>
  </datafield>
  <datafield tag="337" ind1=" " ind2=" ">
    <subfield code="a">unmediated</subfield>
    <subfield code="b">n</subfield>
    <subfield code="2">rdamedia</subfield>
  </datafield>
  <datafield tag="338" ind1=" " ind2=" ">
    <subfield code="a">volume</subfield>
    <subfield code="b">nc</subfield>
    <subfield code="2">rdacarrier</subfield>
  </datafield>
  <datafield tag="500" ind1=" " ind2=" ">
    <subfield code="a">من المرجح ان يكون الكتاب إعادة إصدار عن طبعة 1925.</subfield>
  </datafield>
  <datafield tag="504" ind1=" " ind2=" ">
    <subfield code="a">يتضمن مراجع ببليوغرافية.</subfield>
  </datafield>
  <datafield tag="505" ind1="0" ind2=" ">
    <subfield code="a">فلسفة التاريخ العثماني: الكتاب الأول -- كيف نشأت وإرتقت السلطنة العثمانية وإلى أي حد بلغت عظمتها -- الكتاب الثاني: أسباب إنحطاط الإمبراطورية العثمانية وزوالها.</subfield>
  </datafield>
  <datafield tag="520" ind1="3" ind2=" ">
    <subfield code="a">الكتاب الأول هو كتاب سياسي إجتماعي مزدان بالرسوم والخرائط، موضوعه الإمبراطورية العثمانية إلا أنه لما كان لا يعتمد في بحثه طريقة سرد الحوادث المجردة وإنما يتحرى عواملها واسبابها وفقا لما تتطلبه فلسفة التاريخ جاء بمثابة تاريخ سياسي عام لدول أوروبا الحاضرة والغابرة، فضلا عن الترك والمغول وسائر ممالك الإسلام. وهو زيادة على ذلك يلم بتاريخ التمدن الحديث وما فيه من تغالب السلطتين الزمنية والروحية، وما كان للعرب عليه من التأثير، معتمدا في ذلك ثقات المؤرخين الشرقيين والغربيين. والكتاب الثاني هو كتاب سياسي إجتماعي يتناول تاريخ العالم السياسي، خصوصا ما كان منه يتصل بالعرب والمسلمين، وذلك خلال إستعراض الأسباب التي أدت إلى إنحطاط الإمبراطورية العثمانية، وأفضت إلى زوالها. وهو إذ يلم بالتطورات الدولية أثناء التمدن الحديث يأتي على الكفاح المستمر بين الشرق والغرب بشتى مظاهره، وذلك منذ الحروب الصليبية، حتى قيام الجمهورية التركية.</subfield>
  </datafield>
  <datafield tag="590" ind1=" " ind2=" ">
    <subfield code="a">في المكتبة: الجزء 1.</subfield>
  </datafield>
  <datafield tag="590" ind1=" " ind2=" ">
    <subfield code="a">النسخة الثانية: تم تجليد الفهرس اول الكتاب بدلا من آخره عن طريق الخطأ.</subfield>
  </datafield>
  <datafield tag="651" ind1=" " ind2="4">
    <subfield code="a">تركيا</subfield>
    <subfield code="x">تاريخ.</subfield>
  </datafield>
  <datafield tag="651" ind1=" " ind2="4">
    <subfield code="a">تركيا</subfield>
    <subfield code="x">تاريخ</subfield>
    <subfield code="y">الإمبراطورية العثمانية، 1288-1918.</subfield>
  </datafield>
  <datafield tag="651" ind1=" " ind2="4">
    <subfield code="a">الامبراطورية الاسلامية</subfield>
    <subfield code="x">تاريخ.</subfield>
  </datafield>
  <datafield tag="651" ind1=" " ind2="0">
    <subfield code="a">Turkey</subfield>
    <subfield code="x">History.</subfield>
  </datafield>
  <datafield tag="651" ind1=" " ind2="0">
    <subfield code="a">Turkey</subfield>
    <subfield code="x">History</subfield>
    <subfield code="y">Ottoman Empire, 1288-1918.</subfield>
  </datafield>
  <datafield tag="651" ind1=" " ind2="0">
    <subfield code="a">Islamic Empire</subfield>
    <subfield code="x">History.</subfield>
  </datafield>
  <datafield tag="785" ind1="0" ind2="8">
    <subfield code="6">880-05</subfield>
    <subfield code="i">is continued by (work)</subfield>
    <subfield code="4">http://rdaregistry.info/Elements/w/P10191 :</subfield>
    <subfield code="a">Bayhum, Muḥammad Jamīl, 1887-1978.</subfield>
    <subfield code="t">Falsafat al-tārīkh al-ʻUthmānī.</subfield>
    <subfield code="d">Bayrūt : Sharikat Faraj Allāh lil-Maṭbūʻāt, 1334-1373 H. = 1925-1954 M.</subfield>
    <subfield code="g">Volume 2</subfield>
    <subfield code="w">(LEAUB)b23459220</subfield>
  </datafield>
  <datafield tag="852" ind1=" " ind2=" ">
    <subfield code="a">Jafet Library</subfield>
    <subfield code="e">American University of Beirut, Bliss Street , Beirut, Lebanon.</subfield>
  </datafield>
  <datafield tag="880" ind1="1" ind2=" ">
    <subfield code="6">100-01/(3/r</subfield>
    <subfield code="a">بيهم، محمد جميل،</subfield>
    <subfield code="e">مؤلف. </subfield>
    <subfield code="4">aut.</subfield>
  </datafield>
  <datafield tag="880" ind1="1" ind2="0">
    <subfield code="6">245-02/(3/r</subfield>
    <subfield code="a">فلسفة التاريخ العثماني /</subfield>
    <subfield code="c">تأليف محمد جميل بيهم.</subfield>
  </datafield>
  <datafield tag="880" ind1=" " ind2="1">
    <subfield code="6">264-03/(3/r</subfield>
    <subfield code="a">بيروت :</subfield>
    <subfield code="b">مطبعة مكتبة صادر،</subfield>
    <subfield code="c">1334-1373 هـ. = 1925-1954 م.</subfield>
  </datafield>
  <datafield tag="880" ind1=" " ind2=" ">
    <subfield code="6">300-04/(3/r</subfield>
    <subfield code="a">2 جزء :</subfield>
    <subfield code="b">مصورات، خرائط، صور شخصانية ؛</subfield>
    <subfield code="c">23 سم</subfield>
  </datafield>
  <datafield tag="880" ind1="0" ind2="8">
    <subfield code="6">785-05/(3/r</subfield>
    <subfield code="i">يكمل (عمل)</subfield>
    <subfield code="4">http://rdaregistry.info/Elements/w/P10191 :</subfield>
    <subfield code="a">بيهم، محمد جميل، 1887-1978.</subfield>
    <subfield code="t">فلسفة التاريخ العثماني.</subfield>
    <subfield code="d">بيروت : شركة فرج الله للمطبوعات، 1334-1373 هـ. = 1925-1954 م.</subfield>
    <subfield code="g">الكتاب الثاني</subfield>
    <subfield code="w">(LEAUB)b23459220</subfield>
  </datafield>
  <datafield tag="907" ind1=" " ind2=" ">
    <subfield code="a">.b12672166</subfield>
    <subfield code="b">19-05-27</subfield>
    <subfield code="c">11-05-24</subfield>
  </datafield>
  <datafield tag="907" ind1=" " ind2=" ">
    <subfield code="a">.b12672166</subfield>
    <subfield code="b">15-10-15</subfield>
    <subfield code="c">11-05-24</subfield>
  </datafield>
  <datafield tag="945" ind1=" " ind2=" ">
    <subfield code="f">J</subfield>
    <subfield code="a">956:B35fA:v.1:c.1</subfield>
    <subfield code="i">01051725</subfield>
    <subfield code="j">.i13211043</subfield>
    <subfield code="l">u0503</subfield>
  </datafield>
  <datafield tag="945" ind1=" " ind2=" ">
    <subfield code="f">J</subfield>
    <subfield code="a">956:B35fA:v.1:c.2</subfield>
    <subfield code="i">01051726</subfield>
    <subfield code="j">.i13211055</subfield>
    <subfield code="l">u0503</subfield>
  </datafield>
  <datafield tag="998" ind1=" " ind2=" ">
    <subfield code="a">u05</subfield>
    <subfield code="b">97-09-23</subfield>
    <subfield code="c">m</subfield>
    <subfield code="d">a  </subfield>
    <subfield code="e">-</subfield>
    <subfield code="f">ara</subfield>
    <subfield code="g">le </subfield>
    <subfield code="h">0</subfield>
    <subfield code="i">3</subfield>
  </datafield>
</record>
</collection>
